@article{2002_OSI,
	title = {Budapest {Open} {Access} {Initiative} (2002)},
	issn = {20381026},
	url = {https://doi.org/10.4403/jlis.it-8629},
	doi = {10.4403/jlis.it-8629},
	number = {2},
	urldate = {2024-06-14},
	journal = {JLIS},
	author = {Open Society Institute}, 
	year = {2012},
}

@article{2012_OSI,
	title = {Ten years on from the {Budapest} {Open} {Access} {Initiative} : setting the default to open ({BOAI10}, 2012)},
	issn = {20381026},
	shorttitle = {Ten years on from the {Budapest} {Open} {Access} {Initiative}},
	url = {https://doi.org/10.4403/jlis.it-8631},
	doi = {10.4403/jlis.it-8631},
	number = {2},
	urldate = {2024-06-14},
	journal = {JLIS},
	author = {Open Society Institute},
	year = {2012},
}

@misc{2022_OSI,
	title = {The {Budapest} {Open} {Access} {Initiative}: 20th anniversary recommendations},
	url = {https://www.budapestopenaccessinitiative.org/boai20/},
	author = {Open Society Institute},
	year = {2022},
}

@article{2003_Bethesda,
author = {Suber, Peter and Brown, Patrick and Cabell, Diane and Chakravarti, Aravinda and Cohen, Barbara and Delamothe, Tony and Eisen, Michael and Grivell, Les and Gu√©don, Jean-Claude and Hawley, R Scott and Johnson, Richard and Kirschner, Marc and Lipman, David and Lutzker, Arnold and Marincola, Elizabeth and Roberts, Richard and Rubin, Gerald and Schloegl, Robert and Siegel, Vivian and Watson, Linda},
year = {2003},
month = {01},
pages = {},
title = {The Bethesda Statement on Open-Access Publishing}
}

@misc{2003_Max_Planck,
	title = {Berlin {Declaration} on {Open} {Access} to {Knowledge} in the {Sciences} and {Humanities}},
	url = {https://openaccess.mpg.de/Berlin-Declaration},
	author = {Max Planck Society},
	year = {2003},
}

@misc{2018_EU_2018/790,
	title = {Commission {Recommendation} ({EU}) 2018/790 of 25 {April} 2018 on access to and preservation of scientific information},
	url = {https://eur-lex.europa.eu/eli/reco/2018/790/oj},
	language = {BG, ES, CS, DA, DE, ET, EL, EN, FR, HR, IT, LV, LT, HU, MT, NL, PL, PT, RO, SK, SL, FI, SV},
	author = {European Commission},
	month = may,
	year = {2018},
	pages = {12--18},
}

@misc{2022_EUA,
	title = {The {European} {University} {Association} {Open} {Science} {Agenda} 2025},
	url = {https://eua.eu/downloads/publications/eua%20os%20agenda.pdf},
	author = {European University Association},
	year = {2022},
}

@techreport{2021_UNESCO,
	title = {{UNESCO} {Recommendation} on {Open} {Science}},
	url = {https://unesdoc.unesco.org/ark:/48223/pf0000379949},
	urldate = {2024-06-15},
	institution = {UNESCO},
	author = {{UNESCO}},
	year = {2021},
	doi = {10.54677/MNMH8546}
}





